<record><leader>00000cas a22000007a 4500</leader><controlfield tag="001">27179445</controlfield><controlfield tag="008">921229d19361961wyudn ne      0    0eng d</controlfield><datafield ind1=" " ind2=" " tag="010"><subfield code="a">sn 92067224 </subfield></datafield><datafield ind1=" " ind2=" " tag="040"><subfield code="a">NVO</subfield><subfield code="b">eng</subfield><subfield code="c">NVO</subfield><subfield code="d">OCLCQ</subfield></datafield><datafield ind1=" " ind2=" " tag="042"><subfield code="a">msc</subfield></datafield><datafield ind1="0" ind2="0" tag="245"><subfield code="a">Rock Springs daily rocket.</subfield></datafield><datafield ind1=" " ind2=" " tag="260"><subfield code="a">Rock Springs, Wyo. :</subfield><subfield code="b">The Rocket</subfield></datafield><datafield ind1=" " ind2=" " tag="300"><subfield code="a">v.</subfield></datafield><datafield ind1=" " ind2=" " tag="310"><subfield code="a">Daily (except Sunday and Monday)</subfield></datafield><datafield ind1="0" ind2=" " tag="362"><subfield code="a">Vol. 28, no. 6 (Jan. 7, 1936)-v. 53, no. 197 (Oct. 4, 1961).</subfield></datafield><datafield ind1=" " ind2="4" tag="651"><subfield code="a">Rock Springs (Wyo.)</subfield><subfield code="v">Newspapers.</subfield></datafield><datafield ind1=" " ind2="4" tag="651"><subfield code="a">Sweetwater County (Wyo.)</subfield><subfield code="v">Newspapers.</subfield></datafield><datafield ind1=" " ind2=" " tag="752"><subfield code="a">United States</subfield><subfield code="b">Wyoming</subfield><subfield code="c">Sweetwater</subfield><subfield code="d">Rock Springs.</subfield></datafield><datafield ind1="0" ind2="0" tag="780"><subfield code="t">Rock Springs rocket and the Wyoming journal</subfield><subfield code="w">(DLC)sn 92067223</subfield></datafield><datafield ind1="0" ind2="7" tag="785"><subfield code="t">Rock Springs Sunday miner</subfield><subfield code="w">(DLC)sn 92067227</subfield></datafield><datafield ind1="0" ind2="7" tag="785"><subfield code="t">Rock Springs miner and Rock Springs rocket</subfield><subfield code="w">(DLC)sn 92067226</subfield></datafield><datafield ind1="1" ind2=" " tag="029"><subfield code="a">AU@</subfield><subfield code="b">000020753734</subfield></datafield></record>